@article{Byrne2010,
author = {Byrne, James and Heavey, Cathal and Byrne, P.J.},
doi = {10.1016/j.simpat.2009.09.013},
file = {:C$\backslash$:/Users/tomaton/Documents/Mendeley Desktop/Byrne, Heavey, Byrne - 2010 - A review of Web-based simulation and supporting tools.pdf:pdf},
issn = {1569190X},
journal = {Simulation Modelling Practice and Theory},
keywords = {discrete-event simulation,simulation modelling,web-based simulation},
month = mar,
number = {3},
pages = {253--276},
publisher = {Elsevier B.V.},
title = {{A review of Web-based simulation and supporting tools}},
url = {http://linkinghub.elsevier.com/retrieve/pii/S1569190X0900149X},
volume = {18},
year = {2010}
}
