@article{Guyton1972,
author = {Guyton, a C and Coleman, T G and Granger, H J},
doi = {10.1146/annurev.ph.34.030172.000305},
file = {:C$\backslash$:/Users/tomaton/Documents/Mendeley Desktop/Guyton, Coleman, Granger - 1972 - Circulation overall regulation.pdf:pdf},
issn = {0066-4278},
journal = {Annual review of physiology},
keywords = {Aldosterone,Aldosterone: physiology,Angiotensin II,Angiotensin II: physiology,Blood Circulation,Blood Pressure,Body Fluids,Body Fluids: physiology,Cardiac Output,Heart Failure,Heart Failure: physiopathology,Homeostasis,Hypertension,Hypertension, Renal,Hypertension, Renal: physiopathology,Hypertension: physiopathology,Kidney,Kidney: physiology,Models, Biological,Natriuresis,Nephrosis,Nephrosis: physiopathology,Oxygen,Oxygen: blood,Physical Exertion,Pressoreceptors,Pressoreceptors: physiology,Reflex,Renin,Renin: physiology,Systems Analysis},
month = jan,
pages = {13--46},
pmid = {4334846},
title = {{Circulation: overall regulation.}},
url = {http://www.ncbi.nlm.nih.gov/pubmed/4334846},
volume = {34},
year = {1972}
}
