Automatically generated by Mendeley Desktop 1.13.5
Any changes to this file will be lost if it is regenerated by Mendeley.

BibTeX export options can be customized via Options -> BibTeX in Mendeley Desktop

@inproceedings{Kofranek2011c,
address = {Dresden, Germany},
author = {Kofr\'{a}nek, Jiř\'{\i} and Matej\'{a}k, Marek and PavolPrivitzer},
booktitle = {8th. International Modelica conference},
isbn = {1650-3686},
title = {{HumMod - large scale physiological model in Modelica}},
year = {2011}
}
@article{MarekMatejak2011a,
author = {{Marek Matej\'{a}k} and Kofr\'{a}nek, Jiř\'{\i}},
isbn = {1803-8115},
journal = {MEDSOFT},
language = {Czech},
pages = {182--196},
title = {{HUMMOD–GOLEM EDITION–ROZS\'{A}HL\'{Y} MODEL FYZIOLOGICK\'{Y}CH SYST\'{E}MŮ	}},
year = {2011}
}
@article{Matejak2009a,
author = {Matej\'{a}k, Marek and Kofr\'{a}nek, Jiř\'{\i} and Rusz, Jan},
journal = {Medsoft 2009},
pages = {105},
title = {{Akauz\'{a}ln\'{\i}" vzkř\'{\i}\v{s}en\'{\i}" Guytonova diagramu}},
year = {2009}
}
@article{Matejak2013a,
author = {Matej\'{a}k, Marek and Nedv\v{e}dov\'{a}, Barbora and Dole\v{z}alov\'{a}, Anna and Kofr\'{a}nek, Jiř\'{\i} and Kulh\'{a}nek, Tom\'{a}\v{s}},
journal = {MEDSOFT},
title = {{MODEL ECMO OXYGEN\'{A}TORU}},
year = {2013}
}
@article{Matejak2012a,
author = {Matej\'{a}k, Marek},
journal = {MEDSOFT},
title = {{SIMULOVANIE KETOACID\'{O}ZY}},
year = {2012}
}
@inproceedings{KofranekMatejakM.PrivitzerP.TribulaM.KulhanekT.SilarJ.PecinovskyR.2013b,
author = {{Kofr\'{a}nek Matej\'{a}k, M., Privitzer, P., Tribula, M., Kulh\'{a}nek, T., \v{S}ilar, J., Pecinovsk\'{y}, R.}, J},
booktitle = {World Congress in Computer Science 2013 (WORLDCOMP'13), International Conference on Modeling, Simulation and Visualisation Methods (MSV'13)},
pages = {182--188},
title = {{HumMod-Golem Edition: large scale model of integrative physiology for virtual patient simulators}},
url = {http://world-comp.org/proc2013/msv.html},
year = {2013}
}
@article{MarekMatejak2010a,
author = {{Marek Matej\'{a}k} and Kofr\'{a}nek, Jiř\'{\i}},
isbn = {1803–8115},
journal = {MEDSOFT},
language = {Czech},
pages = {126--146},
title = {{Rozs\'{a}hl\'{y} model fyziologick\'{y}ch regulac\'{\i} v Modelice}},
year = {2010}
}
