Automatically generated by Mendeley Desktop 1.13.6
Any changes to this file will be lost if it is regenerated by Mendeley.

BibTeX export options can be customized via Options -> BibTeX in Mendeley Desktop

@inproceedings{Kofranek2011a,
address = {Dresden, Germany},
author = {Kofr\'{a}nek, Jiř\'{\i} and Matej\'{a}k, Marek and PavolPrivitzer},
booktitle = {8th. International Modelica conference},
isbn = {1650-3686},
title = {{HumMod - large scale physiological model in Modelica}},
year = {2011}
}
@article{Matejak2009,
author = {Matej\'{a}k, Marek and Kofr\'{a}nek, Jiř\'{\i} and Rusz, Jan},
journal = {Medsoft 2009},
pages = {105},
title = {{Akauz\'{a}ln\'{\i}" vzkř\'{\i}\v{s}en\'{\i}" Guytonova diagramu}},
year = {2009}
}
@inproceedings{Kofranek2009,
address = {Masaryk University, Brno},
author = {Kofr\'{a}nek, Jiř\'{\i} and Matej\'{a}k, Marek and Privitzer, Pavol and {D. Schwarz} and {J. Majern\'{\i}k} and {L. Du\v{s}ek} and {S. \v{S}t\'{\i}pek} and Mih\'{a}l, V},
booktitle = {Mefanet 2009},
isbn = {978-80-7392-118-7},
title = {{Leaving toil to machines - building simulation kernel of educational software in modern software environments}},
url = {http://www.mefanet.cz/res/file/mefanet2009/prispevky/kofranek\_full.pdf},
year = {2009}
}
@article{Kofranek2008,
author = {Kofr\'{a}nek, Jiř\'{\i} and Matej\'{a}k, Marek and Privitzer, Pavol and Tribula, Martin},
journal = {Technical Computing Prague},
pages = {1--16},
title = {{Causal or acausal modeling: labour for humans or labour for machines}},
year = {2008}
}
@inproceedings{Kulhanek2014a,
author = {Kulh\'{a}nek, Tom\'{a}\v{s} and Matej\'{a}k, Marek and \v{S}ilar, Jan and Kofr\'{a}nek, Jiř\'{\i}},
booktitle = {Biomedical and Health Informatics (BHI), 2014 IEEE-EMBS International Conference on},
doi = {10.1109/BHI.2014.6864463},
keywords = {cloud computing,information services,parallel proc},
pages = {712--715},
title = {{Parameter estimation of complex mathematical models of human physiology using remote simulation distributed in scientific cloud}},
year = {2014}
}
@inproceedings{Silar2014,
author = {Šilar, Jan and Stav\aa ker, Kristian and Mateják, Marek and Privitzer, Pavol and Nagy, Jozef},
booktitle = {OpenModelica Annual Workshop },
title = {{Modeling with Partial Differential Equations Modelica Language Extension Proposal}},
year = {2014}
}
@misc{Jezek2014,
author = {Je\v{z}ek, Filip and Dole\v{z}alov\'{a}, Anna and Matej\'{a}k, Marek},
booktitle = {Medsoft 2014},
isbn = {1803-8115},
pages = {82--89},
title = {{V\'{y}voj modelu pro v\'{y}ukovou aplikaci ECMO}},
year = {2014}
}
@inproceedings{Matejak2014a,
author = {Matej\'{a}k, Marek},
booktitle = {sborn\'{\i}k př\'{\i}sp\v{e}vků MEDSOFT},
isbn = {1803-8115},
pages = {165--172},
title = {{Physiolibrary - fyziol\'{o}gia v Modelice}},
year = {2014}
}
@inproceedings{Matejak2014,
author = {Matej\'{a}k, Marek and Kulh\'{a}nek, Tom\'{a}\v{s} and \v{S}ilar, Jan and Privitzer, Pavol and Je\v{z}ek, Filip and Kofr\'{a}nek, Jiř\'{\i}},
booktitle = {Proceedings of the 10th International Modelica Conference, March 10-12, 2014, Lund, Sweden},
doi = {10.3384/ecp14096499},
file = {:home/tomaton/.local/share/data/Mendeley Ltd./Mendeley Desktop/Downloaded/Matej\'{a}k et al. - 2014 - Physiolibrary - Modelica library for Physiology.pdf:pdf},
keywords = {HumMod,Integrative physiology,Modelica library,Physiolibrary,Physiology,System biology},
pages = {499--505},
publisher = {Link\"{o}ping University Electronic Press},
title = {{Physiolibrary - Modelica Library for Physiology}},
year = {2014}
}
@article{Kulhanek2010,
author = {Kulh\'{a}nek, Tom\'{a}\v{s} and \v{S}ilar, J and Matej\'{a}k, Marek and Privitzer, Pavol and Kofranek, Jiř\'{\i} and Tribula, Martin},
journal = {VPH conference},
title = {{Distributed Computation and Parameter Estimation in Identification of Physiological Systems}},
year = {2010}
}
@misc{Kofranek2014,
author = {Kofr\'{a}nek, Jiř\'{\i} and Kulh\'{a}nek, Tom\'{a}\v{s}},
booktitle = {Medsoft 2014},
isbn = {1803-8115},
pages = {123--147},
title = {{L\'{e}kařsk\'{e} simul\'{a}tory}},
year = {2014}
}
@misc{Matejak2012b,
author = {Matej\'{a}k, Marek and Nedv\v{e}dov\'{a}, Barbora and Dole\v{z}alov\'{a}, Anna and Kofr\'{a}nek, Jiř\'{\i} and Kulh\'{a}nek, Tom\'{a}\v{s}},
booktitle = {Medsoft 2012},
chapter = {205},
isbn = {1803-8115},
pages = {205--2014},
title = {{Model ECMO oxygen\'{a}toru}},
year = {2012}
}
@article{Kulhanek2014mefanet,
author = {Kulh\'{a}nek, Tom\'{a}\v{s} and Tribula, Martin and Kofr\'{a}nek, Jiř\'{\i} and Matej\'{a}k, Marek},
file = {:home/tomaton/.local/share/data/Mendeley Ltd./Mendeley Desktop/Downloaded/Kulh\'{a}nek et al. - 2014 - Simple models of the cardiovascular system for educational and research purposes.pdf:pdf},
isbn = {1805-9171},
journal = {MEFANET Journal},
number = {2},
pages = {56--63},
title = {{Simple Models of the Cardiovascular System for Educational and Research Purposes}},
volume = {2},
year = {2014}
}
@article{Kofranek2011,
abstract = {The paper is a presentation of the current state of development for the Atlas of Physiology and Pathophysiology (Atlas). Our main aim is to provide a novel interactive multimedia application that can be used for biomedical education where (a) simulations are combined with tutorials and (b) the presentation layer is simplified while the underlying complexity of the model is retained. The development of the Atlas required the cooperation of many professionals including teachers, system analysts, artists, and programmers. During the design of the Atlas, tools were developed that allow for component-based creation of simulation models, creation of interactive multimedia and their final coordination into a compact unit based on the given design. The Atlas is a freely available online application, which can help to explain the function of individual physiological systems and the causes and symptoms of their disorders.},
author = {Kofranek, Jiri and Matousek, Stanislav and Rusz, Jan and Stodulka, Petr and Privitzer, Pavol and Matejak, Marek and Tribula, Martin},
doi = {10.1016/j.cmpb.2010.12.007},
file = {:home/tomaton/.local/share/data/Mendeley Ltd./Mendeley Desktop/Downloaded/Kofranek et al. - 2011 - The Atlas of Physiology and Pathophysiology Web-based multimedia enabled interactive simulations.pdf:pdf},
issn = {1872-7565},
journal = {Computer methods and programs in biomedicine},
keywords = {Atlases as Topic,Computer Simulation,Internet,Physiology},
month = nov,
number = {2},
pages = {143--53},
pmid = {21232813},
title = {{The Atlas of Physiology and Pathophysiology: Web-based multimedia enabled interactive simulations.}},
volume = {104},
year = {2011}
}
@article{Matejak2014mj,
author = {Matej\'{a}k, Marek},
file = {:home/tomaton/.local/share/data/Mendeley Ltd./Mendeley Desktop/Downloaded/Matej\'{a}k - 2014 - Physiology in modelica.pdf:pdf},
journal = {MEFANET Journal},
number = {1},
pages = {10--14},
title = {{Physiology in modelica}},
url = {http://mj.mefanet.cz/mj-03140307},
volume = {2},
year = {2014}
}
@article{Kulhanek2013c,
author = {Kulh\'{a}nek, Tom\'{a}\v{s} and Je\v{z}ek, Filip and Matej\'{a}k, Marek and \v{S}ilar, Jan and Privitzer, Pavol and Tribula, Martin and Kofr\'{a}nek, Jiř\'{\i}},
doi = {10.11239/jsmbe.51.R-32},
file = {:home/tomaton/.local/share/data/Mendeley Ltd./Mendeley Desktop/Downloaded/Kulh\'{a}nek et al. - 2013 - RESTful web service to build loosely coupled web based simulation of human physiology a s.pdf:pdf},
journal = {Transactions of Japanese Society for Medical and Biological Engineering},
number = {Supplement},
pages = {R--32},
title = {{RESTful Web Service to Build Loosely Coupled Web Based Simulation of Human Physiology}},
volume = {51},
year = {2013}
}
@article{Kulhanek2014Modeling,
abstract = {This letter introduces an alternative approach to modeling the cardiovascular system with a short-term control mechanism published in Computers in Biology and Medicine, Vol. 47 (2014), pp. 104-112. We recommend using abstract components on a distinct physical level, separating the model into hydraulic components, subsystems of the cardiovascular system and individual subsystems of the control mechanism and scenario. We recommend utilizing an acausal modeling feature of Modelica language, which allows model variables to be expressed declaratively. Furthermore, the Modelica tool identifies which are the dependent and independent variables upon compilation. An example of our approach is introduced on several elementary components representing the hydraulic resistance to fluid flow and the elastic response of the vessel, among others. The introduced model implementation can be more reusable and understandable for the general scientific community.},
author = {Kulh\'{a}nek, Tom\'{a}\v{s} and Kofr\'{a}nek, Jiř\'{\i} and Matej\'{a}k, Marek},
doi = {10.1016/j.compbiomed.2014.08.025},
file = {:home/tomaton/.local/share/data/Mendeley Ltd./Mendeley Desktop/Downloaded/Kulh\'{a}nek, Kofr\'{a}nek, Matej\'{a}k - 2014 - Modeling of short-term mechanism of arterial pressure control in the cardiovascular system Objec.pdf:pdf},
issn = {1879-0534},
journal = {Computers in Biology and Medicine},
month = sep,
pages = {137--144},
pmid = {25240104},
title = {{Modeling of Short-term Mechanism of Arterial Pressure Control in the Cardiovascular System: Object-oriented and Acausal Approach.}},
volume = {54},
year = {2014}
}
@article{Kofranek2010a,
address = {Masaryk University, Brno},
author = {Kofr\'{a}nek, Jiř\'{\i} and Matej\'{a}k, Marek and Privitzer, Pavol},
isbn = {1004-2961},
journal = {MEFANET report},
pages = {52--97},
title = {{Web simulator creation technology}},
url = {http://www.mefanet.cz/res/file/aricles/webrsimulatorrcreaionrtechnology.pdf},
volume = {3},
year = {2010}
}
@article{Kulhanek2013,
author = {Kulh\'{a}nek, Tom\'{a}\v{s} and Matej\'{a}k, Marek and Jan\v{S}ilar, Pavol Privitzer and Tribula, Martin and Jezek, Filip and Kofr\'{a}nek, Jirı},
title = {{Hybrid architecture for web simulators of pathological physiology}},
year = {2013}
}
@misc{Matejak2010,
author = {Matej\'{a}k, Marek and Kofr\'{a}nek, Jiř\'{\i}},
booktitle = {Medsoft 2010},
isbn = {1803–8115},
language = {Czech},
pages = {126--146},
title = {{Rozs\'{a}hl\'{y} model fyziologick\'{y}ch regulac\'{\i} v Modelice}},
year = {2010}
}
@article{Kofranek2008b,
author = {Kofr\'{a}nek, Jiř\'{\i} and Rusz, Jan and Matou\v{s}ek, Stanislav},
journal = {MEDSOFT 2008},
pages = {37--56},
title = {{VZKŘ\'{I}\v{S}EN\'{I} GUYTONOVA DIAGRAMU-OD OBR\'{A}ZKU K SIMULA\v{C}N\'{I}MU MODELU}},
volume = {2008},
year = {2008}
}
@inproceedings{Kofranek2007,
author = {Kofranek, Jiri and Matousek, Stanislav and Andrlik, Michal},
booktitle = {In: Proceedings of the 6th EUROSIM congress on modelling and simulation. Ljubljana: University of Ljubljana},
pages = {1--9},
title = {{Border flux balance approach towards modelling acid-base chemistry and blood gases transport}},
year = {2007}
}
@misc{KofranekAndrlikMichalKripnerTomasandMasekJan2002,
address = {Orlando, Florida, USA},
author = {{Kofr\'{a}nek  Andrl\'{\i}k, Michal, Kripner, Tom\'{a}\v{s}, and Ma\v{s}ek, Jan}, Jiř\'{\i}},
booktitle = {The 6th World Multiconference on Systemics, Cybernetics and Informatics.},
editor = {{Callaos  Whymark, G., and Lesso, W.}, N},
pages = {249--256},
title = {{From art to industry in design of biomedical simulators. Experience of the Golem simulator project.}},
year = {2002}
}
@inproceedings{KofranekMatejakM.PrivitzerP.TribulaM.KulhanekT.SilarJ.PecinovskyR.2013a,
author = {{Kofr\'{a}nek  Matej\'{a}k, M., Privitzer, P., Tribula, M., Kulh\'{a}nek, T., \v{S}ilar, J., Pecinovsk\'{y}, R.}, J},
booktitle = {World Congress in Computer Science 2013 (WORLDCOMP'13), International Conference on Modeling, Simulation and Visualisation Methods (MSV'13)},
pages = {182--188},
title = {{HumMod-Golem Edition: large scale model of integrative physiology for virtual patient simulators}},
url = {http://world-comp.org/proc2013/msv.html},
year = {2013}
}
@article{Kofranek2011e,
author = {Kofranek, Jiri and Matejak, Marek and Privitzer, Pavol and Matousek, Stanislav and Tribula, Martin and Silar, Jan and Rusz, Jan},
journal = {The FASEB Journal},
pages = {481.12},
title = {{Atlas of physiology and pathophysiology-web-based multimedia teaching tool with simulation games}},
volume = {25},
year = {2011}
}
@article{matejakmedsoft2011,
author = {Matej\'{a}k, M and Kofr\'{a}nek, J},
journal = {sborn\'{\i}k př\'{\i}sp\v{e}vků Medsoft 2011},
title = {{Hummod - Golem edition - rozs\'{a}hl\'{y} model fyziologick\'{y}ch syst\'{e}mů}}
}
@article{Matejak2015,
author = {Matej\'{a}k, Marek and Kulh\'{a}nek, Tom\'{a}\v{s} and Matou\v{s}ek, Stanislav},
doi = {10.3109/00365513.2014.984320},
isbn = {0036-5513},
journal = {Scandinavian Journal of Clinical \& Laboratory Investigation},
pages = {1--8},
publisher = {Informa Scandinavian},
title = {{Adair-based hemoglobin equilibrium with oxygen, carbon dioxide and hydrogen ion activity}},
url = {http://dx.doi.org/10.3109/00365513.2014.984320},
year = {2015}
}
@inproceedings{Kulhanek2014,
author = {Kulh\'{a}nek, Tom\'{a}\v{s} and Matej\'{a}k, Marek and \v{S}ilar, Jan and Kofr\'{a}nek, Jiř\'{\i}},
booktitle = {sborn\'{\i}k př\'{\i}sp\v{e}vků MEDSOFT},
pages = {148--153},
title = {{Identifikace fyziologick\'{y}ch syst\'{e}mů}},
url = {http://www.creativeconnections.cz/medsoft/2014/Medsoft\_2014\_Kulhanek.pdf},
year = {2014}
}
@misc{Kulhanek2011a,
author = {Kulh\'{a}nek, Tom\'{a}\v{s} and \v{S}ilar, Jan and Kofr\'{a}nek, Jiř\'{\i} and Matej\'{a}k, Marek and Privitzer, Pavol and Tribula, Martin},
booktitle = {Mefanet 2011},
title = {{Od v\'{y}ukov\'{e}ho modelu k identifikaci fyziologick\'{e}ho syst\'{e}mu (cze) From educational models towards identification of physiological system (ENG)}},
year = {2011}
}
@article{Matousek2011,
author = {Matousek, S and Handy, J and Rees, Stephen Edward},
isbn = {1387-1307},
journal = {Journal of clinical monitoring and computing},
number = {1},
pages = {57--70},
title = {{Acid–base chemistry of plasma: consolidation of the traditional and modern approaches from a mathematical and clinical perspective}},
volume = {25},
year = {2011}
}
